<collection xmlns="http://www.loc.gov/MARC21/slim">
<record>
  <leader>01491nam0a2200265 i 450 </leader>
  <controlfield tag="001">IT\ICCU\CNCE\008550</controlfield>
  <controlfield tag="005">20070912000000.0</controlfield>
  <datafield tag="012" ind1=" " ind2=" ">
    <subfield code="a">inli o,o. i,io IcCh (3) 1557 (R)</subfield>
    <subfield code="2">fei</subfield>
  </datafield>
  <datafield tag="100" ind1=" " ind2=" ">
    <subfield code="a">19970101d1557        0itac0103    ba</subfield>
  </datafield>
  <datafield tag="101" ind1=" " ind2=" ">
    <subfield code="a">ITA</subfield>
  </datafield>
  <datafield tag="102" ind1=" " ind2=" ">
    <subfield code="a">IT</subfield>
  </datafield>
  <datafield tag="200" ind1="1" ind2=" ">
    <subfield code="a">℗Le ℗giocose moderne et facetissime egloghe pastorali. Sotto bellissimi concetti, in nuouo sdrucciolo, in lingua materna, per m. Andrea Calmo</subfield>
  </datafield>
  <datafield tag="210" ind1=" " ind2=" ">
    <subfield code="a">In Vinegia</subfield>
    <subfield code="c">appresso Iseppo Foresto in calle delle acque  ̉San Zulian</subfield>
    <subfield code="d">all&apos;insegna del Pellegrino</subfield>
    <subfield code="d">1557</subfield>
    <subfield code="e">In Vinegia</subfield>
    <subfield code="g">appresso Iseppo Foresto</subfield>
    <subfield code="h">in calle delle acque a San Zulian</subfield>
    <subfield code="h">all&apos;insegna del Pellegrino</subfield>
    <subfield code="h">1558</subfield>
  </datafield>
  <datafield tag="215" ind1=" " ind2=" ">
    <subfield code="a">119 p.</subfield>
    <subfield code="d">8ʻ</subfield>
  </datafield>
  <datafield tag="620" ind1=" " ind2=" ">
    <subfield code="a">IT</subfield>
    <subfield code="d">Venezia</subfield>
  </datafield>
  <datafield tag="700" ind1=" " ind2="1">
    <subfield code="a">Calmo,</subfield>
    <subfield code="b">Andrea</subfield>
    <subfield code="3">IT\ICCU\CNCA\002398</subfield>
  </datafield>
  <datafield tag="712" ind1="0" ind2="0">
    <subfield code="a">Foresto, Giuseppe</subfield>
    <subfield code="3">IT\ICCU\CNCT\001262</subfield>
    <subfield code="4">650</subfield>
  </datafield>
  <datafield tag="790" ind1=" " ind2="0">
    <subfield code="a">Scarpella</subfield>
    <subfield code="c"> : Bergamasco</subfield>
    <subfield code="3">IT\ICCU\CNCA\002399</subfield>
    <subfield code="z">Calmo, Andrea</subfield>
  </datafield>
  <datafield tag="791" ind1="0" ind2="0">
    <subfield code="a">Foresto, Iseppo</subfield>
    <subfield code="3">IT\ICCU\CNCT\005680</subfield>
    <subfield code="z">Foresto, Giuseppe</subfield>
  </datafield>
  <datafield tag="801" ind1=" " ind2="3">
    <subfield code="a">IT</subfield>
    <subfield code="b">ICCU</subfield>
    <subfield code="c">20201113</subfield>
  </datafield>
  <datafield tag="899" ind1=" " ind2=" ">
    <subfield code="a">Biblioteca universitaria. Genova</subfield>
    <subfield code="1">GE0038</subfield>
    <subfield code="2">LIG 01</subfield>
  </datafield>
  <datafield tag="899" ind1=" " ind2=" ">
    <subfield code="a">Biblioteca nazionale centrale. Roma</subfield>
    <subfield code="1">RM0267</subfield>
    <subfield code="2">BVE CR</subfield>
  </datafield>
  <datafield tag="899" ind1=" " ind2=" ">
    <subfield code="a">Biblioteca comunale. Treviso</subfield>
    <subfield code="1">TV0114</subfield>
    <subfield code="2">VIA CT</subfield>
  </datafield>
  <datafield tag="899" ind1=" " ind2=" ">
    <subfield code="a">Biblioteca nazionale Marciana. Venezia</subfield>
    <subfield code="1">VE0049</subfield>
    <subfield code="2">VEA BM</subfield>
  </datafield>
  <datafield tag="921" ind1=" " ind2=" ">
    <subfield code="a">IT\ICCU\CNCM\001404</subfield>
    <subfield code="b">Pellegrino in cammino con il bordone in spalla. Sullo sfondo paesaggio. In cornice.</subfield>
    <subfield code="e">Non habemus hic ciuitatem permanentem, sed futuram inquirimus.</subfield>
    <subfield code="c">U347</subfield>
    <subfield code="d">Dimensioni: 6,3 x 7,2. Con o senza motto</subfield>
    <subfield code="f">PELLEGRINO</subfield>
    <subfield code="g">1557-1565</subfield>
  </datafield>
</record>
</collection>
